@book{Cherry,
  author = {{SR Cherry} and {JA Sorenson} and {ME Phelps}},
  title = {{Physics in Nuclear Medicine}},
  publisher = {Saunders},
  year = {2012},
  doi={10.1016/B978-1-4160-5198-5.00001-0}
}

@book{Aanbevelingen,
  author = {{HY Oei} and {JAK Blokland} and {Nederlandse Vereniging voor Nucleaire Geneeskunde}},
  title = {{Aanbevelingen Nucleaire Geneeskundige Diagnostiek}},
  publisher = {Eburon},
  address = {Delf},
  isbn = {90-5166-358-7}
}

@book{Leerboek,
  author = {{JAJ Camps} and {MJPG van Kroonenburgh} and {P van Urk} and {KS Wiarda}},
  title = {{Leerboek Nucleaire Geneeskunde}},
  publisher = {Elsevier},
  isbn = {90 352 2108 7}
}

@book{Barrett,
  author = {{Harrison H. Barrett} and {Kyle J. Myers}},
  title = {{Foundations of Image Science}},
  publisher = {Wiley-VCH},
  year = {2003},
  isbn = {0-471-15300-1},
  pages = {1584}
}

@book{IAEA,
  author = {},
  title = {{Nuclear Medicine Physics: A Handbook for Teachers and Students}},
  publisher = {IAEA},
  year = {2015},
  isbn = {978-92-0-143810-2},
  note = {IAEA Reference Number: STI/PUB/1617, released on the internet on 2015-01-14},
  url = {http://www-pub.iaea.org/books/IAEABooks/10368/Nuclear-Medicine-Physics-A-Handbook-for-Teachers-and-Students}
}

@inproceedings{Stabin2008,
  author = {{M.G. Stabin} and {M.A. Emmons} and {M.J. Fernald} and {A.B. Brill} and {W.P. Segars}},
  title = {{Use of Realistic Anthropomorphic Models for Calculation of Radiation Dose in Nuclear Medicine}},
  booktitle = {International Congress of the International Radiation Protection Association (IRPA)},
  address = {Argentina},
  year = {2008}
}

@article{Haenscheid2013,
  author = {{H. H\"anscheid} and {Heribert, et al.}},
  title = {{EANM Dosimetry Committee Series on Standard Operational Procedures for Pre-therapeutic Dosimetry II. Dosimetry Prior to Radioiodine Therapy of Benign Thyroid Diseases}},
  journal = {European Journal of Nuclear Medicine and Molecular Imaging},
  volume = {40},
  pages = {1126-1134},
  year = {2013}
}

@article{Gaze2015,
  author = {{M.N. Gaze, et al.}},
  title = {{Feasibility of Dosimetry-based High-dose 131I-meta-iodobenzylguanidine with Topotecan as a Radiosensitizer in Children with Metastatic Neuroblastoma}},
  journal = {Cancer Biotherapy and Radiopharmaceuticals},
  volume = {20},
  number = {2},
  pages = {195-199},
  year = {2005}
}

@article{Sangro2012,
  author = {{B. Sangro} and {M. I\~narrairaegui} and {J.I. Bilbao}},
  title = {{Radioembolization for Hepatocellular Carcinoma}},
  journal = {Journal of Hepatology},
  volume = {56},
  number = {2},
  pages = {464-473},
  year = {2012}
}

@book{Martin2006,
  author = {{James E. Martin}},
  title = {{Physics for Radiation Protection: A Handbook}},
  publisher = {John Wiley and Sons},
  year = {2006}
}
